@TechReport{NSCNearMiss,
author = {Alliance},
title = {Near Miss Reporting Systems},
institution = {National Safety Council},
year = {2013},
url = {http://www.nsc.org/news_resources/Resources/Documents/Near-Miss-Reporting-Systems.pdf},
}

@Article{PracticalAdvice,
author = "Nick Gardener",
title = "Near-Miss Reporting - Practical Advice",
journal = "Safety {C}ary",
year = "2013",
url = "http://www.predictivesolutions.com/safetycary/near-miss-reporting-practical-advice",
}

@article{MissedOpportunity,
	author = {Robin L. Dillon and Catherine H. Tinsley},
	title = {How Near-Misses Influence Decision Making Under Risk: A Missed Opportunity for Learning},
	journal = {Management Science},
	month = {January},
	year = {2008},
	url = {http://www18.georgetown.edu/data/people/tinsleyc/publication-40246.pd},
}

@Book{FailureRiskManagement,
	author = {Douglas W. Hubbard},
	title = {The Failure of Risk Management},
	publisher = {John Wiley \& Sons, Inc.},
	year = {2009},
}
